<?xml version="1.0" encoding="UTF-8"?><record xmlns="http://www.loc.gov/MARC21/slim" xmlns:cinclude="http://apache.org/cocoon/include/1.0" xmlns:zs="http://www.loc.gov/zing/srw/">
  <leader>00452cz  a2200145n  4500</leader>
  <controlfield tag="001">nr2001039129</controlfield>
  <controlfield tag="003">DLC</controlfield>
  <controlfield tag="005">20011207143202.0</controlfield>
  <controlfield tag="008">010925n| acannaabn          |a aaa     c</controlfield>
  <datafield tag="010" ind1=" " ind2=" ">
    <subfield code="a">nr2001039129</subfield>
  </datafield>
  <datafield tag="040" ind1=" " ind2=" ">
    <subfield code="a">CaQMCCA</subfield>
    <subfield code="b">eng</subfield>
    <subfield code="c">CaQMCCA</subfield>
    <subfield code="d">DLC</subfield>
  </datafield>
  <datafield tag="100" ind1="1" ind2=" ">
    <subfield code="a">Stolzenburg, R.</subfield>
  </datafield>
  <datafield tag="500" ind1="1" ind2=" ">
    <subfield code="a">Stolzenburg, Richard</subfield>
  </datafield>
  <datafield tag="670" ind1=" " ind2=" ">
    <subfield code="a">Stad en samenleving, c2000:</subfield>
    <subfield code="b">t.p. (Dr. R. Stolzenburg)</subfield>
  </datafield>
  <datafield tag="670" ind1=" " ind2=" ">
    <subfield code="a">KB Netherlands 12-07-01</subfield>
    <subfield code="b">(Stolzenburg, R.; full name: Richard Stolzenburg)</subfield>
  </datafield>
</record>